@STRING( ActaPhysiolScand = "Acta Physiol Scand" )
@STRING( AmZool = "Am Zool" )
@STRING( AnnNYAcadSci = "Ann NY Acad Sci" )
@STRING( AnimBehav = "Anim Behav" )
@STRING( AnimBiol = "Anim Biol" )
@STRING( AnnuRevNeurosci = "Annu Rev Neurosci" )
@STRING( AnnuRevPhysiol = "Annu Rev Physiol" )
@STRING( AnnuRevPsychol = "Annu Rev Psychol" )
@STRING( BehavBrainSci = "Behav Brain Sci" )
@STRING( BehavBrainRes = "Behav Brain Res" )
@STRING( BehavEcol = "Behav Ecol" )
@STRING( BehavEcolSociobiol = "Behav Ecol Sociobiol" )
@STRING( BiolBull = "Biol Bull" )
@STRING( BiolCell = "Biol Cell" )
@STRING( BiolCons = "Biological Conservation" )
@STRING( BiolCybern = "Biol Cybern" )
@STRING( BiolLett = "Biol Lett" )
@STRING( BiolRev = "Biol Rev" )
@STRING( Biometrika = "Biometrika" )
@STRING( BiophysJ = "Biophys J" )
@STRING( Biosystems = "Biosyst" )
@STRING( BrainBehavEvol = "Brain Behav Evol" )
@STRING( BrainRes = "Brain Res" )
@STRING( BrainResRev = "Brain Res Rev" )
@STRING( BrainResBull = "Brain Res Bull" )
@STRING( BrainResCognBrainRes = "Brain Res Cogn Brain Res" )
@STRING( BullMathBiol = "Bull Math Biol" )
@STRING( CanJZool = "Can J Zool" )
@STRING( CellTissueRes = "Cell Tissue Res" )
@STRING( CerebCortex = "Cereb Cortex" ) 
@STRING{ CompBiochemPhysiol = "Comp Biochem Physiol"}
@STRING( CurrBiol = "Curr Biol" )
@STRING( CurrOpinNeurobiol = "Curr Opin Neurobiol" )
@STRING( eLife = "eLife" )
@STRING( eNeuro = "eNeuro" )
@STRING( EuropBiophysJ = "Europ Biophys J" )
@STRING( EuroJNeurosci = "Euro J Neurosci" )
@STRING( ExpBrainRes = "Exp Brain Res" )
@STRING( FluctNoiseLett = "Fluct Noise Lett" )
@STRING( FrontComputNeurosci = "Front Comput Neurosci" )
@STRING( FrontNeuroInform = "Front Neuroinform" )
@STRING( FrontPsychol = "Front Psychol" )
@STRING( HearRes = "Hear Res" )
@STRING( Hippocampus = "Hippocampus" )
@STRING( HormBehav = "Horm Behav" )
@STRING( IEEETNN = "IEEE TNN" )
@STRING( IEEETransInfTechBiomed = "IEEE Trans Inf Tech Biomed" )
@STRING( IntegrCompBiol = "Integr Comp Biol" )
@STRING( IntJBifChaos = "Int J Bif Chaos" )
@STRING( IntJInsMorpholEmbryol = "Int J Ins Morphol Embryol" )
@STRING( IntJNeuralSyst = "Int J Neural Syst" )
@STRING( JAcoustSocAm = "J Acoust Soc Am" )
@STRING( JAnimEcol = "J Anim Ecol" )
@STRING( JARO = "JARO" )
@STRING( JBiolChem = "J Biol Chem" )
@STRING( JCellBiol = "J Cell Biol" )
@STRING( JChemNeuroanat = "J Chem Neuroanat" )
@STRING( JCompNeurol = "J Comp Neurol" )
@STRING( JCompPhysiol = "J Comp Physiol" )
@STRING( JCompPhysiolA = "J Comp Physiol A" )
@STRING( JCompPhysiolB = "J Comp Physiol B" )
@STRING( JComputNeurosci = "J Comput Neurosci" )
@STRING( JEvolBiol = "J Evol Biol" )
@STRING( JExpBiol = "J Exp Biol" )
@STRING( JExpZool = "J Exp Zool" )
@STRING( JFishBiol = "J Fish Biol" )
@STRING( JGenPhysiol = "J Gen Physiol" )
@STRING( JInsectBehav = "J Insect Behav" )
@STRING( JInsectPhysiol = "J Insect Physiol" )
@STRING( JMathBiol = "J Math Biol" )
@STRING( JMembrBiol = "J Membr Biol" )
@STRING( JMorph = "J Morph" )
@STRING( JNeuralEng = "J Neural Eng " )
@STRING( JNeurocytol = "J Neurocytol" )
@STRING( JNeuroGenetics = "J Neuro Genetics" )
@STRING( JNeurophysiol = "J Neurophysiol" )
@STRING( JNeurosci = "J Neurosci" )
@STRING( JNeurosciMethods = "J Neurosci Methods" )
@STRING( JOSA = "J Opt Soc Am A" )
@STRING( JPharmacolExpTher = "J Pharmaco Exp Ther" )
@STRING( JPhysiol = "J Physiol" )
@STRING( JPhysiolParis = "J Physiol Paris" )
@STRING{ JPlanktonRes = "J Plankton Res" }
@STRING( JpnJPhysiol = "Jpn J Physiol" )
@STRING( JStatPhys = "J Stat Phys" )
@STRING( JTheorBiol = "J Theor Biol" )
@STRING( JVis = "J Vis" )
@STRING( MathBiosci = "Math Biosci" )
@STRING( MicroscResTech = "Microsc Res Tech" )
@STRING( NatNeurosci = "Nat Neurosci" )
@STRING( Nature = "Nature" )
@STRING( NatCommun = "Nat Commun" )
@STRING( NatRevNeurosci = "Nat Rev Neurosci" )
@STRING( Naturforsch = "Naturforsch" )
@STRING( Naturwissenschaften = "Naturwissenschaften" )
@STRING( Network = "Network Comput Neural Syst" )
@STRING( NeuralComput = "Neural Comput" )
@STRING( NeuralNetw = "Neural Netw" )
@STRING( Neurocomput = "Neurocomput" )
@STRING( Neuron = "Neuron" )
@STRING( NeuroReport = "NeuroReport" )
@STRING( Neuroscience = "Neurosci" )
@STRING( NeurosciLett = "Neurosci Lett" )
@STRING( NeurosciRes = "Neurosci Res" )
@STRING( PflugersArch = {Pflugers Arch} )
@STRING( PLoSBiol = "PLoS Biol" )
@STRING( PLoSComputBiol = "PLoS Comput Biol" )
@STRING( PLoSONE = "PLoS ONE" )
@STRING( PNAS = "PNAS" )
@STRING( PhilTransRSocLondBBiolSci = "Phil Trans R Soc Lond B Biol Sci" )
@STRING( PhysicaD = "Physica D" )
@STRING( PhysiolRep = "Physiol Rep" )
@STRING( PhysiolRev = "Physiol Rev" )
@STRING( PhysRep = "Phys Rep" )
@STRING( PhysRevA = "Phys Rev A" )
@STRING( PhysRevE = "Phys Rev E" )
@STRING( PhysRevLett = "Phys Rev Lett" )
@STRING( ProcRSocLondBBiolSci = "Proc R Soc Lond B Biol Sci" )
@STRING( ProcSPIE = "Proc SPIE" )
@STRING( ProgBrainRes = "Prog Brain Res" )
@STRING( ProgRetinEyeRes = "Prog Retin Eye Res" )
@STRING( Science = "Science" )
@STRING( SIAMJApplMath = "SIAM J Appl Math" )
@STRING( TheorPopulBiol = "Theor Popul Biol" )
@STRING{ TICS = "Trends Cog Sci"}
@STRING( TIEE = "Trends Ecol Evol" )
@STRING( TINS = "Trends Neurosci" )
@STRING( VisNeurosci = "Vis Neurosci" )
@STRING( VisionRes = "Vision Res" )
